<record xmlns="http://www.loc.gov/MARC21/slim" xmlns:xsi="http://www.w3.org/2001/XMLSchema-instance" xsi:schemaLocation="http://www.loc.gov/MARC21/slim http://www.loc.gov/standards/marcxml/schema/MARC21slim.xsd"><leader>01783nam a2200349   4500</leader><controlfield tag="001">001685361</controlfield><controlfield tag="003">NNU</controlfield><controlfield tag="006">m        d        </controlfield><controlfield tag="007">cr cn |||m|||a</controlfield><controlfield tag="008">150222s1960    iq a    od    000 0 ara d</controlfield><datafield ind1=" " ind2=" " tag="040"><subfield code="a">NNU</subfield><subfield code="b">eng</subfield><subfield code="c">NNU</subfield></datafield><datafield ind1=" " ind2=" " tag="043"><subfield code="a">a-iq---</subfield></datafield><datafield ind1=" " ind2=" " tag="066"><subfield code="c">(3</subfield></datafield><datafield ind1=" " ind2=" " tag="090"><subfield code="a">PJ6670</subfield><subfield code="b">.C5</subfield></datafield><datafield ind1="1" ind2=" " tag="100"><subfield code="6">880-01</subfield><subfield code="a">Chalab&#299;, D&#257;w&#363;d</subfield></datafield><datafield ind1="1" ind2="0" tag="245"><subfield code="6">880-02</subfield><subfield code="a">Kalim&#257;t F&#257;ris&#299;yah musta&#699;malah f&#299; &#699;&#257;mm&#299;yat al-Maw&#7779;il wa-f&#299; an&#7717;&#257;&#700; al-&#699;Ir&#257;q</subfield><subfield code="h">[electronic resource] :</subfield><subfield code="b">tal&#299;h&#257; kalim&#257;t Kurd&#299;yah wa-Hind&#299;yah /</subfield><subfield code="c">ta&#700;l&#299;f D&#257;&#700;&#363;d al-Chalab&#299; al-Maw&#7779;il&#299;.</subfield></datafield><datafield ind1=" " ind2=" " tag="260"><subfield code="6">880-03</subfield><subfield code="a">Baghd&#257;d :</subfield><subfield code="b">Ma&#7789;ba&#699;at al-&#699;&#256;n&#299;,</subfield><subfield code="c">1960.</subfield></datafield><datafield ind1=" " ind2=" " tag="300"><subfield code="a">online resource (223 p.) :</subfield><subfield code="b">ill.</subfield></datafield><datafield ind1=" " ind2=" " tag="500"><subfield code="a">Part of the Arabic Collections Online (ACO) project, contributed by New York Univeristy Libraries.</subfield></datafield><datafield ind1=" " ind2=" " tag="533"><subfield code="a">Electronic reproduction.</subfield><subfield code="b">New York, N.Y. :</subfield><subfield code="c">New York University,</subfield><subfield code="d">2015.</subfield><subfield code="5">NNU</subfield></datafield><datafield ind1=" " ind2=" " tag="546"><subfield code="a">In Arabic.</subfield></datafield><datafield ind1=" " ind2="0" tag="650"><subfield code="a">Arabic language</subfield><subfield code="x">Foreign words and phrases</subfield><subfield code="x">Persian.</subfield></datafield><datafield ind1=" " ind2="0" tag="650"><subfield code="a">Arabic language</subfield><subfield code="x">Dialects</subfield><subfield code="z">Iraq</subfield><subfield code="z">Mosul.</subfield></datafield><datafield ind1="2" ind2=" " tag="710"><subfield code="a">New York University.</subfield><subfield code="b">Libraries.</subfield></datafield><datafield ind1="0" ind2=" " tag="730"><subfield code="a">Arabic Collections Online.</subfield></datafield><datafield ind1="0" ind2="8" tag="776"><subfield code="i">Print version:</subfield><subfield code="a">Chalab&#299;, D&#257;w&#363;d 880-01</subfield><subfield code="t">Kalim&#257;t F&#257;ris&#299;yah musta&#699;malah f&#299; &#699;&#257;mm&#299;yat al-Maw&#7779;il wa-f&#299; an&#7717;&#257;&#700; al-&#699;Ir&#257;q</subfield><subfield code="w">(NNU)001685361</subfield></datafield><datafield ind1="4" ind2="0" tag="856"><subfield code="u">http://hdl.handle.net/2333.1/dr7sqx40</subfield></datafield><datafield ind1="0" ind2=" " tag="880"><subfield code="6">100-01/</subfield><subfield code="a">&#1583;&#1575;&#1572;&#1583; &#1575;&#1604;&#1581;&#1604;&#1576;&#1610;.</subfield></datafield><datafield ind1="1" ind2="0" tag="880"><subfield code="6">245-02/</subfield><subfield code="a">&#1603;&#1604;&#1605;&#1575;&#1578; &#1601;&#1575;&#1585;&#1587;&#1610;&#1577; &#1605;&#1587;&#1578;&#1593;&#1605;&#1604;&#1577; &#1601;&#1610; &#1593;&#1575;&#1605;&#1610;&#1577; &#1575;&#1604;&#1605;&#1608;&#1589;&#1604; &#1608;&#1601;&#1609; &#1575;&#1606;&#1581;&#1575;&#1569; &#1575;&#1604;&#1593;&#1585;&#1575;&#1602; &#1563;</subfield><subfield code="b">&#1610;&#1604;&#1610;&#1607;&#1575; &#1603;&#1604;&#1605;&#1575;&#1578; &#1603;&#1585;&#1583;&#1610;&#1577; &#1608;&#1607;&#1606;&#1583;&#1610;&#1577; /</subfield><subfield code="c">&#1578;&#1571;&#1604;&#1610;&#1601; &#1583;&#1575;&#1572;&#1583; &#1575;&#1604;&#1581;&#1604;&#1576;&#1609; &#1575;&#1604;&#1605;&#1608;&#1589;&#1604;&#1609;.</subfield></datafield><datafield ind1=" " ind2=" " tag="880"><subfield code="6">260-03/</subfield><subfield code="a">&#1576;&#1594;&#1583;&#1575;&#1583; &#1563;</subfield><subfield code="b">&#1605;&#1591;&#1576;&#1593;&#1577; &#1575;&#1604;&#1593;&#1575;&#1606;&#1610;&#1548;</subfield><subfield code="c">1960.</subfield></datafield><datafield ind1=" " ind2=" " tag="959"><subfield code="a">NNU</subfield><subfield code="b">WEB</subfield><subfield code="c">GENI</subfield><subfield code="t">0</subfield><subfield code="m">Electronic access</subfield><subfield code="s">01</subfield></datafield><datafield ind1=" " ind2=" " tag="999"><subfield code="i">NNU_001685361</subfield><subfield code="s">nyu_aco000268</subfield></datafield></record>